@misc{acs,
    author = "US Census Bureau",
    title = "American Community Survey 1-Year Data (2011-2015) API",
    note = "Generated by Gregory Hewett. Accessed 1 November 2016.",
    url = "https://www.census.gov/data/developers/data-sets/acs-1year.html",
}

@misc{johnlee,
    author = "John Lee MD",
    note = "Boston Children's Hospital. Phone Interview. 27 October 2016",
}

@book{blitz,
    author = "Joseph K. Blitzstein and Jessica Hwang",
    title = "Introduction to Probability",
    year = 2014,
    publisher = "CRC Press",
    address = "Boca Raton, Florida",
}

@article{walking,
    author = "Raymond C. Browning and Emily A. Baker and Jessica A. Herron and Rodger Kram",
    title = "Effects of obesity and sex on the energetic cost and preferred speed of walking",
    journal = "Journal of Applied Physiology",
    volume = "100",
    number = "2",
    pages = "390--398",
    year = "2006",
    URL = "http://dx.doi.org/10.1152/japplphysiol.00767.2005",
}

@article{ems,
    author = "Peter T Pons and Vincent J Markovchick",
    title = "Eight minutes or less: does the ambulance response time guideline impact trauma patient outcome?",
    journal = "Journal of Emergency Medince",
    volume = "23",
    number = "1",
    year = "2002",
    URL = "http://dx.doi.org/10.1016/S0736-4679(02)00460-2",
}

@misc{nfpa,
    title = "{NFPA} 1710, Standard for the Organization and Deployment of Fire Suppression Operations, Emergency Medical Operations, and Special Operations to the Public by Career Fire Departments",
    author = "National Fire Protection Association",
    year = "2016",
}

@article{food,
    author = "Food Allergy Research and Education",
    title = "Food Allergy Facts and Statistics for the U.S.",
    journal = "Journal of Applied Physiology",
    volume = "100",
    number = "2",
    pages = "390--398",
    year = "2016",
    URL = "http://dx.doi.org/10.1152/japplphysiol.00767.2005",
}

@article{wsjepi,
   author = "Jonathan D. Rockoff",
   title = "Mylan Faces Scrutiny Over EpiPen Price Increases",
   journal = "Wall Street Journal",
   month =        {August},
   year =         {2016},
   url =          {http://www.wsj.com/articles/mylan-faces-scrutiny-over-epipen-price-increases-1472074823},
   note =         {Online},
}

@article{advhosp,
    author = "TMHC",
    url = {http://www.topmastersinhealthcare.com/30-most-technologically-advanced-hospitals-in-the-world/},
}

@article{epifast,
    author = "Mylan",
    note = {Accessed: 2017-01-03},
    url = {https://www.epipen.com/en/what-is-anaphylaxis},
}

@article{Kerber1677,
	author = {Kerber, Richard E. and Becker, Lance B. and Bourland, Joseph D. and Cummins, Richard O. and Hallstrom, Alfred P. and Michos, Mary B. and Nichol, Graham and Ornato, Joseph P. and Thies, William H. and White, Roger D. and Zuckerman, Bram D.},
	editor = {,},
	title = {Automatic External Defibrillators for Public Access Defibrillation: Recommendations for Specifying and Reporting Arrhythmia Analysis Algorithm Performance, Incorporating New Waveforms, and Enhancing Safety},
	volume = {95},
	number = {6},
	pages = {1677--1682},
	year = {1997},
	doi = {10.1161/01.CIR.95.6.1677},
	publisher = {American Heart Association, Inc.},
	isbn = {0009-7322},
	url = {http://circ.ahajournals.org/content/95/6/1677},
	eprint = {http://circ.ahajournals.org/content/95/6/1677},
	journal = {Circulation},
}

@article{sweeney,
   author = {L Sweeney},
   title = {k-Anonymity: A Model for Protecting Privacy},
   journal = {International Journal Of Uncertainty, Fuzziness \& Knowledge-Based Systems},
   year = 2001,
   volume = 10,
   number = 5,
   pages = "557",
   month = oct,
   isbn = {0218-4885},
}

@ARTICLE{gedik,
    author = {Bugra Gedik and Ling Liu},
    title = {Location Privacy in Mobile Systems: A Personalized Anonymization Model},
    journal = {Distributed Computing Systems, 2005. ICDCS 2005. Proceedings. 25th IEEE International Conference},
    year = 2005,
    pages = "620-629",
}

@Inbook{Cheng2006,
    author="Cheng, Reynold and Zhang, Yu and Bertino, Elisa and Prabhakar, Sunil",
    editor="Danezis, George and Golle, Philippe",
    title="Preserving User Location Privacy in Mobile Data Management Infrastructures",
    bookTitle="Privacy Enhancing Technologies: 6th International Workshop, PET 2006, Cambridge, UK, June 28-30, 2006, Revised Selected Papers",
    year="2006",
    publisher="Springer Berlin Heidelberg",
    address="Berlin, Heidelberg",
    pages="393--412",
    isbn="978-3-540-68793-1",
    doi="10.1007/11957454_23",
    url="http://dx.doi.org/10.1007/11957454_23",
}

@article{mercator,
    author = "Weisstein, Eric W.",
    title = "Mercator Projection",
    note = "\textit{MathWorld}--A Wolfram Web Resource",
    url = {http://mathworld.wolfram.com/MercatorProjection.html},
}

@article{bostonems,
    author = "Matt Rocheleau",
    title = "Boston EMS response times slow amid 911 call surge",
    journal = "Boston Globe",
    year = 2015,
    month = "November",
    day 29,
    url = {https://www.bostonglobe.com/metro/2015/11/29/boston-ems-response-times-slow-amid-surge-calls-for-medical-help/VvUHOozJcz9GxvVwAHAoRJ/story.html},
}

@article{nycems,
    author = "Erin Durkin",
    title = "Longer 911 response times stir City Council",
    journal = "New York Daily News",
    year = 2014,
    month = "March",
    day = 27,
    url = {http://www.nydailynews.com/news/politics/longer-911-response-times-stir-city-council-article-1.1737399}
}